@misc{ref1,
        title = "Sustentabilidade",
        author={{Super Bock Group}},
        howpublished={Disponível em: \url{https://www.superbockgroup.com/detalhe/sustentabilidade/}.Acesso em: 17 de março 2023},
        year="2020"}


@misc{ref2,
        title = "The Partnership Platform",
        author={{United Nations}},
        howpublished={Disponível em: \url{https://sdgs.un.org/partnerships}.Acesso em: 17 de março 2023}}


@misc{ref3,
        title = "Pessoas",
        author={{Super Bock Group}},
        howpublished={Disponível em: \url{https://www.superbockgroup.com/detalhe/pessoas/}.Acesso em: 17 de março 2023},
        year="2020"}

@misc{ref4,
        title = "Relatório de Gestão e Sustentabilidade",
        author={{Super Bock Group}},
        howpublished={Disponível em: \url{https://sharingtheauthentic2021.com/assets/pdf/SUPER-BOCK-GROUP-RELATORIO-DE-SUSTENTABILIDADE-2021.pdf}.Acesso em: 17 de março 2023},
        year="2021"}

@misc{ref5,
        title = "Certificados de Qualidade",
        author={{Super Bock Group}},
        howpublished={Disponível em: \url{https://www.superbockgroup.com/detalhe/certificados-de-qualidade/}.Acesso em: 17 de março 2023},
        year="2021"}